@article{barry2018high,
  title={High-speed autonomous obstacle avoidance with pushbroom stereo},
  author={Barry, Andrew J and Florence, Peter R and Tedrake, Russ},
  journal={Journal of Field Robotics},
  volume={35},
  number={1},
  pages={52--68},
  year={2018},
  publisher={Wiley Online Library}
}

@misc{asctec, title={AscTec Pelican - UAS for Computer Vision and SLAM},
	url={http://www.asctec.de/en/uav-uas-drones-rpas-roav/asctec-pelican/},
	journal={Ascending Technologies}
}

@misc{wise_foote_2011, title={REP: 119 - Specification for TurtleBot Compatible Platforms},
	 url={http://www.ros.org/reps/rep-0119.html},
	 journal={ROS.org},
	 publisher={Robot Operating System},
	 author={Wise, Melonee and Foote, Tully},
	 year={2011},
	 month={12}
}

@misc{opencv, title={About - OpenCV library},
	url={https://opencv.org/about.html},
	journal={OpenCV},
	publisher={OpenCV Team}
}

@inproceedings{barry2015pushbroom,
  title={Pushbroom stereo for high-speed navigation in cluttered environments},
  author={Barry, Andrew J and Tedrake, Russ},
  booktitle={Robotics and automation (icra), 2015 ieee international conference on},
  pages={3046--3052},
  year={2015},
  organization={IEEE}
}


@inproceedings{woods2015dynamic,
  title={Dynamic target tracking and obstacle avoidance using a drone},
  author={Woods, Alexander C and La, Hung M},
  booktitle={International Symposium on Visual Computing},
  pages={857--866},
  year={2015},
  organization={Springer},
}

@article{2018nanomap,
  title={Nanomap: Fast, uncertainty-aware proximity queries with lazy search over local 3d data},
  author={Florence, Peter R and Carter, John and Ware, Jake and Tedrake, Russ},
  journal={arXiv preprint arXiv:1802.09076},
  year={2018}
}

@misc{RPAS, 
	title={Royal Canadian Air Force | News Article | Update and new name for the Joint Unmanned Surveillance Target Acquisition System (JUSTAS) project}, 
	url={http://www.rcaf-arc.forces.gc.ca/en/article-template-standard.page?doc=update-and-new-name-for-the-joint-unmanned-surveillance-target-acquisition-system-justas-project/j9u7rzyf}, 
	journal={On Windswept Heights II | RCAF | Historical | Royal Canadian Air Force}, 
	publisher={National Defence and Royal Canadian Air Force}, 
	year={2018}, 
	month={7}
}

%https://ieeexplore.ieee.org/abstract/document/127236