@ARTICLE{ExampleForKara,
    AUTHOR="Nick Bell",
    TITLE="How to be navy AF",
    JOURNAL="Official Journal of officialness",
    YEAR="2017",
}


@article{gregory2011,
	title={From a view to a kill: Drones and late modern war},
	author={Gregory, Derek},
	journal={Theory, Culture \& Society},
	volume={28},
	number={7-8},
	pages={188--215},
	year={2011},
	publisher={Sage Publications Sage UK: London, England}
}