@article{barry2018high,
  title={High-speed autonomous obstacle avoidance with pushbroom stereo},
  author={Barry, Andrew J and Florence, Peter R and Tedrake, Russ},
  journal={Journal of Field Robotics},
  volume={35},
  number={1},
  pages={52--68},
  year={2018},
  publisher={Wiley Online Library}
}

@book{doucet_freitas_gordon_2001, place={New York}, title={Sequential Monte Carlo methods in practice}, publisher={Springer}, author={Doucet, Arnaud and Freitas, Nando De and Gordon, Neil}, year={2001}}

@misc{asctec, title={AscTec Pelican - UAS for Computer Vision and SLAM},
	url={http://www.asctec.de/en/uav-uas-drones-rpas-roav/asctec-pelican/},
	journal={Ascending Technologies}
}

@misc{wise_foote_2011, title={REP: 119 - Specification for TurtleBot Compatible Platforms},
	 url={http://www.ros.org/reps/rep-0119.html},
	 journal={ROS.org},
	 publisher={Robot Operating System},
	 author={Wise, Melonee and Foote, Tully},
	 year={2011},
	 month={12}
}

@misc{opencv, title={About - OpenCV library},
	url={https://opencv.org/about.html},
	journal={OpenCV},
	publisher={OpenCV Team}
}

@inproceedings{barry2015pushbroom,
  title={Pushbroom stereo for high-speed navigation in cluttered environments},
  author={Barry, Andrew J and Tedrake, Russ},
  booktitle={Robotics and automation (icra), 2015 ieee international conference on},
  pages={3046--3052},
  year={2015},
  organization={IEEE}
}


@inproceedings{woods2015dynamic,
  title={Dynamic target tracking and obstacle avoidance using a drone},
  author={Woods, Alexander C and La, Hung M},
  booktitle={International Symposium on Visual Computing},
  pages={857--866},
  year={2015},
  organization={Springer},
}

@misc{grisetti_stachniss_burgard, title={GMapping}, url={https://openslam-org.github.io/gmapping.html}, journal={OpenSLAM.org}, publisher={OpenSLAM}, author={Grisetti, Giorgio and Stachniss, Cyrill and Burgard, Wolfram}}

@article{2018nanomap,
  title={Nanomap: Fast, uncertainty-aware proximity queries with lazy search over local 3d data},
  author={Florence, Peter R and Carter, John and Ware, Jake and Tedrake, Russ},
  journal={arXiv preprint arXiv:1802.09076},
  year={2018}
}

@misc{RPAS, 
	title={Royal Canadian Air Force | News Article | Update and new name for the Joint Unmanned Surveillance Target Acquisition System (JUSTAS) project}, 
	url={http://www.rcaf-arc.forces.gc.ca/en/article-template-standard.page?doc=update-and-new-name-for-the-joint-unmanned-surveillance-target-acquisition-system-justas-project/j9u7rzyf}, 
	journal={On Windswept Heights II | RCAF | Historical | Royal Canadian Air Force}, 
	publisher={National Defence and Royal Canadian Air Force}, 
	year={2018}, 
	month={7}
}

@article{hwang1992potential,
  title={A potential field approach to path planning},
  author={Hwang, Yong K and Ahuja, Narendra},
  journal={IEEE Transactions on Robotics and Automation},
  volume={8},
  number={1},
  pages={23--32},
  year={1992},
  publisher={IEEE}
}

@inproceedings{bortoff2000path,
  title={Path planning for UAVs},
  author={Bortoff, Scott A},
  booktitle={American Control Conference, 2000. Proceedings of the 2000},
  volume={1},
  number={6},
  pages={364--368},
  year={2000},
  organization={IEEE}
}

@inproceedings{williams2010combining,
  title={On combining visual SLAM and visual odometry},
  author={Williams, Brian and Reid, Ian},
  booktitle={Robotics and Automation (ICRA), 2010 IEEE International Conference on},
  pages={3494--3500},
  year={2010},
  organization={IEEE}
}

@unpublished{sor,
  title={Data Item Deliverable 03- Statement of Requirements},
  author={Stephan, Kara and Hebb, Amos Navarre},
  year={2018},
  organization={IEEE}
}

@unpublished{pdd,
  title={Data Item Deliverable 04- Preliminary Design Specification},
  author={Stephan, Kara and Hebb, Amos Navarre},
  year={2018},
  organization={IEEE}
}

@unpublished{schupd,
  title={Data Item Deliverable 06- Schedule Update},
  author={Stephan, Kara and Hebb, Amos Navarre},
  year={2019},
  organization={IEEE}
}